4600 5750
239 1331 389 1544 Quae
422 1427 532 1521 nobis
564 1441 704 1504 servata
738 1443 824 1504 sunt
851 1422 1262 1530 dialectorumlinguae
1289 1424 1457 1533 Syriacae
1483 1426 1696 1531 fragmenta,
1727 1458 1769 1509 ea
1795 1459 1873 1512 non

234 1556 276 1629 in
301 1554 405 1629 libris
424 1553 571 1659 Syriace
595 1559 753 1667 seriptis,
784 1553 1068 1659 quihodieque.
1088 1546 1256 1658 impressi
1282 1572 1379 1648 suut,
1401 1559 1550 1659 quippe
1569 1561 1633 1661 qui
1652 1559 1873 1663 plerumque
1934 1564 1944 1582 ⁶

235 1682 459 1757 recentioris
477 1686 602 1757 aetatis
629 1701 740 1787 atque
766 1686 857 1760 varii
883 1687 1086 1785 argumenti
1113 1681 1319 1757 dialecticas
1338 1680 1562 1758 diversitates
1579 1711 1761 1788 nusquam
1778 1672 1877 1771 offe-J

235 1825 331 1902 rant,
360 1807 424 1884 scd
451 1813 491 1883 in
515 1809 620 1885 libris
646 1813 929 1913 manuscriptis
953 1807 1114 1911 dispersa
1141 1814 1390 1903 inveniuntur,
1419 1814 1617 1913 praecipue
1636 1815 1675 1886 in
1693 1810 1874 1915 glossariis

235 1935 310 2011 illis
335 1937 417 2011 Bor
441 1937 521 2013 Aet
544 1953 582 2012 et
607 1938 689 2010 Ber
714 1935 870 2010 Bellula·
893 1935 1199 2011 celebratissimis.
1253 1935 1396 2011 Paucae
1423 1935 1575 2040 quidem
1601 1964 1646 2012 err
1661 1937 1719 2013 his
1737 1938 1875 2041 glossa·

131 2066 134 2073 “
235 2066 299 2137 riis
326 2061 542 2167 depromtae
569 2062 677 2139 etad
705 2063 882 2138 dialectos
907 2065 1135 2166 pertinentes
1161 2062 1302 2164 glossae
1330 2081 1471 2139 exstant
1497 2066 1633 2139 iamin
1661 2064 1814 2140 Castalii
1837 2081 1876 2143 et

236 2190 338 2267 I.D.
356 2190 555 2264 ‚dilelectis
578 2189 725 2264 Lexicis
752 2189 923 2294 Syriacis,
952 2193 1004 2265 ita
1028 2188 1153 2264 tamen
1170 2189 1254 2264 illae
1272 2189 1493 2293 plerumque
1511 2205 1723 2292 corruptae,
1749 2208 1792 2268 ut
1813 2190 1875 2269 vel

236 2318 425 2395 novissimi
452 2320 650 2420 scriptores
678 2321 826 2420 quires
853 2321 1101 2420 grammaticas
1127 2333 1341 2413 tractarunt,
1369 2317 1484 2393 veluti
1509 2316 1571 2393 Ill.
1600 2304 1875 2422 Hcffmqnnus,

236 2468 297 2519 eas
327 2470 478 2547 prorsus
510 2448 858 2546 praetermitterent.
913 2442 1059 2536 Quibus
1091 2446 1201 2543 igitur
1231 2446 1272 2517 in
1298 2442 1468 2518 eruendis
1494 2441 1737 2521 dialectorum
1763 2448 1873 2523 vesti·

235 2573 304 2674 giis
339 2596 426 2643 usus
463 2573 533 2643 sim
567 2569 751 2663 fontibus,
792 2595 872 2644 non
902 2595 1053 2673 possum
1090 2566 1264 2670 equidem
1297 2568 1445 2644 silentio
1476 2576 1643 2647 transire.
1709 2570 1875 2648 Primum

235 2696 379 2772 contuli
407 2694 578 2769 Codicem
597 2696 816 2769 Gothonum
842 2695 1006 2795 glossarii
1032 2695 1114 2767 Bar
1130 2695 1273 2785 Alieni,
1303 2696 1424 2800 bonae
1450 2697 1556 2771 illum
1576 2701 1728 2801 omnino
1746 2715 1871 2792 notae,

234 2838 424 2929 praeterea
452 2838 489 2897 et
514 2820 794 2926 Apogreplron
805 2818 1091 2926 Gottr‘ngense(¹
1100 2824 1127 2918 )
1142 2822 1217 2896 sive
1242 2791 1496 2922 Leidcnre(²)
1530 2838 1570 2898 et
1586 2796 1780 2902 Laricon
1791 2823 1875 2899 Ad·

235 2955 416 3027 lerianum
442 2950 544 3044 MS,
579 2976 599 3025 e
625 2951 709 3024 Ber
729 2950 885 3025 Baetae·
907 2949 1138 3049 aliorumque
1164 2946 1304 3040 lexicis,
1341 2974 1437 3052 quae
1460 2976 1578 3032 manu
1602 2959 1752 3051 scripta
1763 2960 1802 3025 in
1826 2952 1875 3027 bi-

237 3073 422 3155 olr'otdecis
446 3079 631 3152 Romanis
656 3094 898 3169 asservantur,
927 3090 1156 3177 congestum.

390 3205 500 3279 Hisce
526 3221 569 3278 ut
592 3220 717 3279 uterer
742 3203 859 3296 libris,
889 3206 1042 3305 contigit
1058 3200 1150 3275 mihi
1168 3165 1418 3305 praeceptoris
1436 3198 1662 3280 dilectissimi
1662 3203 1876 3310 Gnarum,

236 3332 317 3422 Viri
342 3359 482 3408 summe
508 3329 713 3424 reverendi,
743 3334 916 3405 comitate
942 3324 1143 3434 praeclara,
1174 3332 1238 3433 qui
1265 3355 1342 3422 eos,
1371 3344 1414 3402 ut
1440 3356 1533 3434 quae
1559 3346 1680 3405 essent
1697 3357 1717 3405 e
1734 3358 1775 3406 re
1787 3358 1875 3412 mea
1904 3329 1906 3334 ’

235 3463 530 3566 transcriberem,
559 3459 651 3534 mihi
677 3459 858 3536 benevole
885 3454 1146 3533 commodavit.
1178 3455 1274 3531 Pro
1302 3482 1378 3564 quo
1406 3460 1539 3536 eximio
1567 3456 1692 3534 officio
1709 3457 1801 3533 Viro
1828 3435 1875 3535 de

236 3616 297 3692 me
323 3591 555 3664 meritissimo
582 3613 660 3661 uon
685 3613 836 3690 possum
862 3583 1063 3678 hocloco,
1096 3587 1190 3690 quin
1215 3586 1345 3692 gratias
1371 3587 1543 3694 maximas
1570 3612 1685 3687 agam.
1740 3584 1876 3688 Neque

237 3685 328 3792 mihi
359 3717 421 3798 hie
451 3711 717 3820 praetereunda
751 3729 808 3802 est
834 3714 1103 3804 Bnnvsrrrm,
1132 3711 1214 3786 Viri
1242 3711 1501 3803 Illustrissimi,
1536 3712 1756 3820 professoris
1783 3712 1873 3788 Vra·

237 3844 470 3937 tislaviensis,
506 3869 593 3945 erga
623 3868 682 3916 me
713 3840 933 3934 humanitas,
951 3841 1034 3946 v‘qui
1059 3842 1214 3942 petenti,
1249 3854 1293 3913 ut
1317 3836 1515 3914 nonnullas
1541 3839 1624 3912 Bor
1649 3841 1782 3913 Allani
1806 3837 1879 3944 Cd(

239 3969 409 4047 Gothum·
440 3971 575 4075 glossas
607 3997 691 4045 eum
723 3974 793 4063 eis,
829 3994 923 4074 quae
954 3971 994 4059 in
1024 3968 1106 4041 Bar
1135 3965 1293 4041 Baetae·
1323 3964 1516 4066 Codicidus
1542 3966 1683 4048 Oxonii
1695 3965 1698 3976 ’
1712 3967 1759 4040 ab
1792 3969 1875 4070 ipso

239 4123 381 4174 summa
407 4126 490 4172 eum
516 4126 601 4175 cura
628 4097 842 4200 descriptis
845 4097 1109 4186 invenirentur,
1143 4083 1342 4183 conferret,
1371 4090 1473 4171 has
1461 4116 1586 4200 lpsas,
1606 4096 1700 4172 sicut
1723 4096 1764 4174 in
1793 4094 1875 4168 Bar

241 4223 346 4299 Bate
329 4228 397 4298 tutt
421 4221 518 4298 Cdd.
548 4242 711 4299 exaratae
737 4239 849 4317 sunt,
871 4224 1031 4340 benigne
1056 4247 1201 4319 mecum
1227 4222 1521 4332 communicavit.
1612 4259 1617 4268 ·

397 4346 511 4445 Quod
531 4350 576 4422 ad
601 4351 766 4426 indolem
792 4354 923 4427 attinet
947 4337 1086 4423 horum
1108 4349 1381 4452 glossariorum,
1409 4344 1485 4420 id
1473 4373 1547 4420 ram
1563 4347 1623 4422 Itt
1643 4344 1846 4423 Gesenius
1834 4376 1874 4424 ιιι

293 4587 343 4669 (¹)
381 4585 450 4650 Vid.
464 4593 569 4646 H
503 4591 579 4665 ss
571 4608 713 4670 ..gramm
728 4588 892 4673 Syrmpsa.
906 4600 1007 4651 notui

294 4690 345 4770 (²)
382 4689 543 4752 ECodice
562 4693 718 4750 Borettmm
720 4691 956 4766 ,amstelodami
976 4690 1047 4752 olrm
1060 4701 1208 4752 asservato
1228 4688 1343 4770 iamque
1363 4685 1492 4770 perdito,
1511 4663 1689 4770 descriptum
1709 4687 1781 4749 illud
1801 4689 1881 4750 esta'

242 4799 363 4867 Iosepho
383 4797 529 4866 Scalr'gero
550 4804 583 4853 12
605 4790 728 4853 Calend.
746 4793 888 4855 Decemb
909 4794 1065 4854 Juliania.
1089 4798 1172 4869 1605,
1196 4803 1312 4853 constat
1333 4794 1383 4853 18¹¹
1369 4791 1451 4852 i.lol
1473 4802 1510 4851 et
1522 4790 1650 4852 desinit
1640 4811 1676 4851 ιιι
1684 4791 1781 4852 littera
1793 4791 1873 4853 Nun

244 4893 310 4958 Cir.
324 4901 439 4971 losephr'
449 4900 595 4968 Scola'gat‘i
604 4896 689 4978 episi,
702 4896 861 4976 (adiisti
864 4938 872 4954 ·
881 4895 932 4962 ed.
944 4896 969 4955 F
970 4895 1084 4957 raneos.
1098 4902 1183 4962 1628(
1193 4899 1337 4956 ‘Hermas
1347 4893 1472 4957 Miscell.
1483 4893 1598 4958 Phoen·
1611 4903 1713 4976 1ts239s
1807 4919 1830 4982 ¹¹>

1164 5037 1171 5046 ·
1548 5011 1565 5082 1
