4600 5750
1244 226 1270 300 6

1155 330 1361 347 Ψ

431 444 610 524 efficitur.
662 440 755 520 Prae
780 436 911 513 ceteris
935 430 1108 516 ridentur
1128 430 1262 531 Cyrtllt
1279 426 1541 530 archiepiscopi
1557 422 1817 504 Alexandrea
1837 425 1970 533 λεξικόή
1989 429 2079 511 sard

438 567 614 669 στοιχείων
628 569 684 670 (¹)
710 565 923 655 contulisse,
951 565 1012 663 (er
1038 586 1114 664 quo
1134 585 1214 633 non
1232 556 1481 661 improbabile
1500 570 1555 632 est
1574 555 1744 632 Lexicon
1762 556 1850 633 MS.
1869 559 2078 652 Branarsa,

438 697 596 812 liugaidos
620 701 664 775 tic
688 692 752 775 sris
777 682 995 804 ἀπορουμένας
1018 680 1124 791 λέξεις
1143 687 1201 776 τῆς
1221 681 1320 777 ἁγίας
1338 686 1481 796 γραφῆς,
1509 700 1723 790 excerptum
1743 689 1853 790 esse,)
1879 688 1979 766 unde
1995 691 2076 796 ple·

437 853 573 931 raeque
612 825 754 931 glossae
792 828 832 898 in
862 815 1090 920 Hesychiam
1119 819 1355 933 transierunt.
1414 813 1611 892 Contraria
1642 816 1837 919 minusque
1870 818 2076 924 probabilis

386 1027 395 1039 .
430 959 569 1061 'opinio
596 971 652 1031 est
679 953 882 1031 Trttmannt
900 945 953 1051 ad
982 948 1122 1024 Zonar.
1147 938 1245 1022 Lex.
1270 942 1486 1049 Prolegom.
1513 941 1612 1050 pL.
1629 940 1758 1020 adnot.
2052 944 2054 947 ’

592 1533 739 1632 Quibus
764 1534 971 1641 praemissis
994 1528 1042 1607 ad
1067 1534 1187 1636 ipsam
1213 1527 1501 1635 disputationem
1527 1480 1779 1633 aggrediamur

829 1799 908 1891 nn
934 1722 1356 1891 ormnerouou
1382 1797 1686 1911 moronus

590 1993 706 2102 Syros
735 1988 893 2099 perinde
919 2010 1031 2098 atque
1056 1993 1143 2070 alias
1169 2008 1309 2098 gentes,
1337 2009 1474 2068 terram
1499 1996 1680 2071 maiorem
1704 1990 1922 2087 incolentes,
1950 1991 2077 2098 plures

436 2122 615 2201 dialectos
647 2122 833 2215 habuisse,
867 2126 1084 2226 praesertim
1115 2149 1200 2197 cum
1231 2119 1337 2226 Syria
1367 2124 1407 2194 in
1433 2119 1566 2196 multas
1591 2122 1799 2225 provincias
1825 2136 1922 2197 esset
1946 2118 2075 2215 divisa,

438 2252 645 2355 harumque
676 2252 767 2325 situs
797 2247 1070 2324 dialecticarum
1102 2246 1353 2326 diversitatum
1383 2274 1508 2325 ansam
1538 2246 1654 2343 daret,
1691 2263 1728 2325 et
1756 2272 1826 2352 per
1856 2250 1996 2324 seiam
2022 2264 2079 2325 est

436 2377 653 2484 probabile,
688 2402 758 2453 nec
791 2375 1027 2452 Grammatici
1044 2375 1104 2477 (²)
1138 2374 1357 2452 dIsfitentur.
1410 2375 1499 2453 Duo
1531 2392 1675 2453 tantum
1699 2378 1922 2472 testimonia,
1956 2400 2077 2482 eaque

367 2584 383 2613 ⁶
435 2510 642 2582 recentiora
673 2505 865 2598 habemus,
899 2518 975 2580 tres
1006 2507 1160 2580 omnino
1187 2500 1365 2581 dialectos
1391 2508 1583 2599 exstitisse,
1616 2530 1752 2609 nempe
1779 2503 1956 2609 Gregorii
1979 2502 2078 2580 Bam

437 2633 603 2727 dadraei,
639 2659 800 2738 quorum
832 2631 990 2707 alterum
1022 2646 1138 2705 exstat
1168 2633 1209 2704 in
1238 2631 1379 2705 Hister.
1406 2631 1493 2731 ἄγη
1518 2658 1559 2735 p.
1575 2633 1620 2707 16
1634 2659 1709 2733 sq„
1745 2631 1901 2708 alterum
1932 2630 1980 2706 ab
2009 2630 2077 2708 illo

436 2760 532 2835 nihil
561 2761 640 2834 fere
673 2758 858 2834 diversum
888 2759 928 2829 in
960 2752 1107 2831 schola‘s's
1139 2751 1185 2829 ad
1214 2766 1504 2859 grammaticam
1529 2759 1607 2831 eius
1632 2756 1903 2858 metricam.=(³)
1954 2756 2078 2835 Allata

438 2902 524 2963 sunt
550 2883 679 2960 eadem
704 2899 871 2959 accurate
897 2900 1008 2988 atque
1033 2886 1221 2989 ingeniose
1246 2899 1399 2961 tractata
1415 2889 1455 2961 in
1473 2888 1604 2961 eximia
1621 2885 1682 2961 1tt
1699 2884 1882 2990 Stephani
1896 2888 2077 2988 Querar·

436 3037 575 3101 mana,
607 3010 654 3088 de
678 3010 914 3089 Nabathaat
944 3014 1159 3117 scriptione,
1193 3011 1325 3088 Diario
1351 3013 1515 3091 Asiatico
1539 3012 1745 3091 Parmensi
1777 3014 1889 3091 1835.
1917 3015 2003 3094 Jan.
2029 3060 2071 3077 -

436 3143 547 3218 Mart.
564 3138 622 3243 (⁴)
655 3143 808 3234 inserta,
843 3165 938 3245 quae
973 3140 1125 3244 quidem
1152 3137 1358 3216 dissertatio
1382 3141 1499 3219 ferme
1523 3158 1604 3218 tota
1629 3142 1834 3220 secundum
1857 3140 1971 3221 MSS.
2002 3141 2075 3221 ela*

435 3270 568 3344 borata
592 3267 691 3342 illius
715 3267 836 3343 Diarii
859 3294 988 3346 rerum
1015 3266 1126 3344 decus
1153 3282 1221 3343 est.

590 3395 756 3498 Exponit
780 3412 904 3471 autem
928 3394 1194 3471 Barhebraaus
1217 3393 1299 3470 illas
1323 3410 1400 3471 tres
1425 3392 1601 3473 dialectos
1626 3399 1690 3474 ita:

590 3520 735 3626 Lingua
766 3521 928 3623 Syriaca
959 3522 1180 3601 discernitur
1210 3526 1250 3598 in
1279 3537 1354 3600 tres
1381 3521 1557 3601 dialectos
1583 3526 1711 3625 (otc),
1748 3550 1904 3632 quarum
1928 3524 2074 3631 elegan-

436 3653 574 3728 tissima
604 3664 662 3726 est
686 3648 885 3727 Aramaaa
911 3651 1079 3757 (tegit),
1111 3649 1323 3746 Edessenis,
1351 3651 1644 3730 Harranensibus
1669 3671 1707 3731 et
1730 3653 1859 3762 Syriae
1885 3657 2074 3733 exterioris

437 3982 507 4024 vum
523 3969 630 4021 ...m
645 3980 705 4040 qno
723 3968 841 4019 veroum
853 3971 984 4043 spectat,
1002 3962 1111 4039 omisit,
1128 3961 1239 4046 quippe
1255 3962 1315 4026 lroe
1327 3974 1441 4025 tantum
1453 3963 1700 4049 interpretaturus
1714 3978 1745 4027 et
1758 3963 1945 4028 Graecorum
1957 3965 2074 4053 ςῐοοεο-

419 4060 566 4149 graphas
584 4059 632 4123 rel
649 4061 681 4121 in
694 4082 732 4123 eo
744 4074 895 4143 sequutus.
932 4068 1086 4125 Ferrarius
1100 4085 1173 4128 vero
1186 4067 1293 4149 aliique
1307 4086 1345 4129 eo
1359 4066 1475 4151 decepti
1491 4068 1564 4131 illud
1579 4062 1654 4147 ΛΔ)
1670 4067 1799 4130 radicem
1811 4068 1905 4151 ipsam
1918 4070 2072 4133 ducebant.

435 4166 514 4230 Male
532 4175 681 4227 caeterum
700 4162 792 4245 Syrus
808 4163 957 4227 transtulit
974 4174 1021 4230 ’θ’
1039 4169 1156 4230 miseria
1173 4193 1248 4230 mea.
1288 4167 1352 4232 etr.
1371 4190 1446 4251 qaae
1464 4170 1501 4232 de
1519 4171 1617 4233 radice
1630 4178 1702 4234 :stet
1715 4170 1874 4254 disputavit
1889 4177 2028 4232 Garmias
2039 4169 2073 4233 in

434 4266 587 4345 thesauro,
609 4278 640 4328 et
653 4286 728 4349 qnae
741 4264 829 4326 habet
846 4271 951 4327 Novar.
969 4289 999 4349 p.
1006 4278 1069 4336 397.
1090 4270 1159 4332 soll.
1179 4272 1299 4332 Bernst.
1319 4269 1427 4334 chrest
1440 4271 1509 4356 Syr.
1525 4294 1557 4359 p.
1564 4285 1609 4337 80.
1631 4277 1781 4351 Raediger.
1794 4276 1901 4340 chrest-
1915 4272 1983 4356 Syr.
1995 4294 2028 4356 p.
2035 4284 2070 4336 51

436 4358 538 4437 W
556 4370 610 4450 tq.
626 4374 726 4434 Q
742 4368 818 4452 apud
831 4370 996 4432 Balsaddt'n.
1010 4371 1070 4433 vita
1083 4370 1179 4434 Salad.
1193 4373 1239 4436 cd.
1253 4378 1364 4437 sema.
1376 4396 1406 4458 p.
1415 4383 1476 4441 tta.

487 4471 538 4552 (¹)
577 4471 643 4531 Vid.
657 4475 779 4533 Baiter.
794 4472 909 4534 Aneed.
919 4473 976 4535 Gr.
985 4473 1037 4538 llI.
1051 4475 1173 4560 p01091l.

488 4572 541 4656 (²)
579 4575 693 4649 Hessos.
708 4595 752 4655 gr.
767 4575 834 4657 Syr.
848 4576 964 4659 pm).

486 4674 540 4755 (³)
578 4676 694 4734 Assem.
708 4673 738 4734 l).
753 4678 889 4754 0.1,di6.

488 4778 540 4858 (⁶)
578 4776 656 4838 Vide
669 4780 759 4839 Mare.
771 4782 862 4859 ΜΗ
874 4801 939 4861 sqq.
